@article{vandvik2020biotic,
  title={Biotic rescaling reveals importance of species interactions for variation in biodiversity responses to climate change},
  author={Vandvik, Vigdis and Skarpaas, Olav and Klanderud, Kari and Telford, Richard J and Halbritter, Aud H and Goldberg, Deborah E},
  journal={Proceedings of the National Academy of Sciences},
  volume={117},
  number={37},
  pages={22858--22865},
  year={2020},
  publisher={National Acad Sciences}
}

@book{woodward1987climate,
  title={Climate and plant distribution},
  author={Woodward, Frank Ian},
  year={1987},
  publisher={Cambridge University Press}
}

@article{harperdarwinian,
 ISSN = {00220477, 13652745},
 URL = {http://www.jstor.org/stable/2257876},
 author = {J. L. Harper},
 journal = {Journal of Ecology},
 number = {2},
 pages = {247--270},
 publisher = {[Wiley, British Ecological Society]},
 title = {A Darwinian Approach to Plant Ecology},
 volume = {55},
 year = {1967}
}

@inproceedings{de1960competition,
  title={Competition and non-persistency as factors affecting the composition of mixed crops and swards},
  author={De Wit, Cornelis Teunis and Ennik, Gerrit C and van den Bergh, Johannes Paulus and Sonneveld, A},
  booktitle={Proceedings 8th international grassland congres 1960},
  pages={6--6},
  year={1960}
}

@techreport{de1960competitionthesis,
  title={On competition},
  author={De Wit, Cornelis Teunis},
  year={1960},
  institution={Pudoc}
}