@article{baker2017extracellular,
  title={Extracellular enzyme kinetics and thermodynamics along a climate gradient in southern California},
  author={Baker, Nameer R and Allison, Steven D},
  journal={Soil Biology and Biochemistry},
  volume={114},
  pages={82--92},
  year={2017},
  publisher={Elsevier}
}

@article{allison2017consequences,
  title={Consequences of drought tolerance traits for microbial decomposition in the DEMENT model},
  author={Allison, Steven D and Goulden, Michael L},
  journal={Soil Biology and Biochemistry},
  volume={107},
  pages={104--113},
  year={2017},
  publisher={Elsevier}
}

@article{glassman2018decomposition,
  title={Decomposition responses to climate depend on microbial community composition},
  author={Glassman, Sydney I and Weihe, Claudia and Li, Junhui and Albright, Michaeline BN and Looby, Caitlin I and Martiny, Adam C and Treseder, Kathleen K and Allison, Steven D and Martiny, Jennifer BH},
  journal={Proceedings of the National Academy of Sciences},
  volume={115},
  pages={11994--11999},
  year={2018},
  publisher={National Acad Sciences}
}


@article{dix1985changes,
  title={Changes in relationship between water content and water potential after decay and its significance for fungal successions},
  author={Dix, NJ},
  journal={Transactions of the British Mycological Society},
  volume={85},
  pages={649--653},
  year={1985},
  publisher={Elsevier}
}
