@article{baker2017extracellular,
  title={Extracellular enzyme kinetics and thermodynamics along a climate gradient in southern California},
  author={Baker, Nameer R and Allison, Steven D},
  journal={Soil Biology and Biochemistry},
  volume={114},
  pages={82--92},
  year={2017},
  publisher={Elsevier}
}

@article{allison2017consequences,
  title={Consequences of drought tolerance traits for microbial decomposition in the DEMENT model},
  author={Allison, Steven D and Goulden, Michael L},
  journal={Soil Biology and Biochemistry},
  volume={107},
  pages={104--113},
  year={2017},
  publisher={Elsevier}
}